%
%	Bibliotheksdatei für BiBTeX
%

@report{dsl:ioannis,
	title={Short note on Domain Specific Languages for environmental modelling},
	author={Ioannis N. Athanasiadis},
	year={2012}
}

@report{dsl:dynamo,
	title={Simulation dynamischer Vorgänge zur \enquote{System Dynamics} - Methode und ihren Problemen},
	author={Claus Peter Ortlieb},
	year={1987}
}

@online{dsl:ocelet-wiki,
	title={OceletWiki},
  author={Team Ocelet},
	urldate={2013-03-19},
	url={http://wiki.ocelet.fr/},
	year={2011}
}